<?xml version="1.0" encoding="UTF-8"?><collection xmlns="http://www.loc.gov/MARC21/slim"><record><leader>00436nam--2200181-i-4500</leader><controlfield tag="001">000018266</controlfield><controlfield tag="002">20161230</controlfield><controlfield tag="005">20161230201032</controlfield><controlfield tag="008">060222s1000------------r-----000-0-rus-d</controlfield><datafield ind1=" " ind2=" " tag="040"><subfield code="a">IFIN-HH</subfield></datafield><datafield ind1=" " ind2=" " tag="041"><subfield code="a">rus</subfield></datafield><datafield ind1=" " ind2=" " tag="080"><subfield code="a">533.9.13</subfield></datafield><datafield ind1="1" ind2=" " tag="100"><subfield code="a">Gabovici, M.D</subfield></datafield><datafield ind1="1" ind2="0" tag="245"><subfield code="a">Plazmennie istociniki ionov</subfield><subfield code="c">M.D. Gabovici</subfield></datafield><datafield ind1=" " ind2=" " tag="260"><subfield code="a">Kiev</subfield><subfield code="b">Moskva Dumka</subfield><subfield code="c">1964</subfield></datafield><datafield ind1=" " ind2=" " tag="300"><subfield code="a">223p</subfield></datafield><datafield ind1=" " ind2=" " tag="852"><subfield code="a">20829</subfield><subfield code="c">533.9</subfield></datafield><datafield ind1=" " ind2=" " tag="CAT"><subfield code="a">Sys</subfield><subfield code="c">20100922</subfield><subfield code="h">100351</subfield></datafield></record></collection>